<?xml version="1.0" encoding="UTF-8"?><collection xmlns="http://www.loc.gov/MARC21/slim"><record><leader>00475nam--2200181-i-4500</leader><controlfield tag="001">000045844</controlfield><controlfield tag="002">20161230</controlfield><controlfield tag="005">20161230201045</controlfield><controlfield tag="008">060222s1000------------r-----000-0-rum-d</controlfield><datafield ind1=" " ind2=" " tag="040"><subfield code="a">IFIN-HH</subfield></datafield><datafield ind1=" " ind2=" " tag="041"><subfield code="a">rum</subfield></datafield><datafield ind1=" " ind2=" " tag="080"><subfield code="a">539.4(075.8)</subfield></datafield><datafield ind1="1" ind2=" " tag="100"><subfield code="a">Tudose,Ion</subfield></datafield><datafield ind1="1" ind2="0" tag="245"><subfield code="a">Rezistenta materialelor</subfield><subfield code="b">Pentru subingineri</subfield><subfield code="c">Ion tudose</subfield></datafield><datafield ind1=" " ind2=" " tag="260"><subfield code="a">Bucuresti</subfield><subfield code="b">Editura Didactica Si Pedagogica</subfield><subfield code="c">1976</subfield></datafield><datafield ind1=" " ind2=" " tag="300"><subfield code="a">239 P</subfield></datafield><datafield ind1=" " ind2=" " tag="852"><subfield code="a">43795</subfield><subfield code="c">539.4</subfield></datafield><datafield ind1=" " ind2=" " tag="CAT"><subfield code="a">Sys</subfield><subfield code="c">20130129</subfield><subfield code="h">145302</subfield></datafield></record></collection>